@article{a,
	author = {Alba, J., Broniarczyk S., Shimp, T. and Urbany, J},
	year = 1994, 
	title = {The Influence of Prior Beliefs, Frequency Cues, and Magnitude Cues on Consumers' Perceptions of Comparative Price Data},
	journal = { Journal of Consumer Research},
	volume = {21},
	number = {2}, 
	pages = {219-35}
}

@article{bayus,
	author = {Bayus, Barry L.},
	year = 1991,
	title = {The Consumer Durable Replacement Buyer},
	journal = { Journal of Marketing},
	volume = {55},
	number = {1}, 
	pages = {42-51}
}

@article{bb,
	author = {Bell, David R. and Randolph E. Bucklin},
	year = 1980,
	title = {Contextual Influences on Consumer Price Responses: An Experimental Analysis Heterogeneity},
	journal = { Journal of Consumer Research},
	volume = {26},
	number = {2}, 
	pages = {128-143}
}

@article{bl,
	author = {Bell, David R and James M. Lattin},
	year = 1999,
	title = {Looking for Loss Aversion in Scanner Panel Data: The Confounding Effect of Price-Response Heterogeneity},
	journal = {Marketing Science},
	volume = {19},
	number = {2}, 
	pages = {185-200}
}

@article{blattberg,
	author = {Blattberg, Robert and Thomas Buesing and Peter Peacock and Subrata Sen},
	year = 1978,
	title = {Identifying the Deal Prone Segment},
	journal = {Journal of Marketing Research},
	volume = {15},
	number = {3}, 
	pages = {369-377}
}


@article{bettmanetal,
	author = {Bettman, James R. and Mary Frances Luce and John W. Payne},
	year = 1998,
	title = {Constructive Consumer Choice Processes},
	journal = {Journal of Consumer Research},
	volume = {25},
	number = {3}, 
	pages = {187-217}
}

@article{biswasblair,
	author = {Biswas, Abhijit and Edward A. Blair},
	year = 1991,
	title = {Contextual Effects of Reference Price in Retail Advertisements},
	journal = { Journal of Marketing},
	volume = {55},
	number = {3}, 
	pages = {1-12}
}

@article{bkm,
	author = {Briesch, Richard A. and Lakshman Krishnamurthi and Tridib Mazumdar and S.P. Raj},
	year = 1997,
	title = {A Comparative Analysis of Reference Price Models},
	journal = { Journal of Marketing},
 	volume = {55},
 	number = {3}, 
	pages = {1-12}
}

@article{bl2,
	author = {Bucklin, Randolph E. and James M. Lattin},
	year = 1991,
	title = {A Two-State Model of Purchase Incidence and Brand Choice},
	journal = { Marketing Science},
	volume = {10},
 	number = {1}, 
	pages = {24-39}
}

@article{blp,
	author = {Berry, Steven and James Levinsohn and Ariel Pakes},
	year = 1995,
	title = {Automobile Prices in Market Equilibrium},
	journal = {Econometrica},
	volume = {63},
	number = {4},
	pages = {841-890}
}
	
@article{bw,
	author = {Berkowitz, Eric N. and John R. Walton},
	year = 1980,
	title = {Contextual Influences on Consumer Price Responses: An Experimental Analysis Heterogeneity},
	journal = { Journal of Marketing Research},
	volume = {17},
	number = {3}, 
	pages = {349-359}
}

@article{bwa,
	author = {Bolton, Lisa E., Luk Warlop, and Joseph W. Alba},
	year = 2003,
	title = {Consumer Perceptions of Price (Un)Fairness},
	journal = { Journal of Consumer Research},
	volume = {29},
 	number = {2}, 
	pages = {474-491}
}

@article{delossantos,
	author = {De los Santos, Babur and Ali Horta\c{c}su and Matthijs R. Wildenbeest},
	year = 2012,
	title = {Testing Models of Consumer Search Using Data on Web Browsing and Purchasing Behavior},
	journal = {American Economic Review},
	volume = {102},
 	number = {6}, 
	pages = {2955-2980}
}

@article{c,
	author = {Chang, Kwangpil and S. Siddarth and Charles B. Weinberg},
	year = 1999,
	title = {The Impact of Heterogeneity in Purchase Timing and Price Responsiveness on Estimates of Sticker Shock Effects},
	journal = {  Marketing Science},
	volume = {18},
 	number = {2}, 
	pages = {178-192}
}

@article{ca,
	author = {Carmon, Ziv and Dan Ariely},
	year = 2000,
	title = {Focusing on the Forgone: How Value Can Appear So Different to Buyers and Seiiers},
	journal = { Journal of Consumer Research},
	volume = {7},
	number = {December},
 	pages = {360-370}
}

@article{chapst,
 	author = {Chapman, Randall G. and Richard Staelin},
 	title = {Exploiting Rank Ordered Choice Set Data within the Stochastic Utility Model},
 	journal = {Journal of Marketing Research},
 	volume = {19},
 	number = {3},
 	year = 1982,
 	pages = {288-301}
}

@article{chadesmith,
	author = {Chade, Hector and Lones Smith},
	 title = {Simultaneous Search},
 	journal = {Econometrica},
 	volume = {74},
 	number = {5},
 	year = 2006,
 	pages = {1293-1307}
}

@article{coopnaka,
	author = {Cooper, Lee G. and Masao Nakanishi},
	year = 1983,
	title = {Standardizing Variables in Multiplicative Choice Models},
	journal = {Journal of Consumer Research},
	volume = {10},
	number = {June},
	pages = {96-108}
}


@article{ds,
	author = {Dickson, Peter R. and Alan G. Sawyer},
	year = 1990,
	title = {The Price Knowledge and Search of Supermarket Shoppers},
	journal = { Journal of Marketing},
	volume = {54},
 	number = {3}, 
	pages = {42-53}
}

@article{ems,
	author = {Erdem, Tulin and Glenn Mayhew and Baohong Sun},
	year = 2001,
	title = {Understanding Reference-Price Shoppers: A Within- and Cross- Category Analysis},
	journal = { Journal of Marketing Research},
 	volume = {38},
 	number = {4}, 
	pages = {445-458}
}

@article{gilbride,
	author = {Gilbride, Timothy J. and Greg M. Allenby},
	year = 2004,
	title = {A Choice Model with Conjunctive, Disjunctive, and Compensatory Screening Rules},
	journal = {Marketing Science},
	volume = {23},
	number = {3},
	pages = {391-406}
}

@article{gilbride2,
	author = {Gilbride, Timothy J. and Greg M. Allenby},
	year = 2006,
	title = {Estimating Heterogeneous EBA and Economic Screening Rule Choice Models},
	journal = {Marketing Science},
	volume = {25},
	number = {5},
	pages = {494-509}
}

@article{gour,
	author = {Gourville, John. T},
	year = 2006,
	title = {Eager Sellers, Stony Buyers},
	journal = {  Harvard Business Review},
	volume = {1},
	number = {June}, 	
	pages = {98-106}
}

@article{g,
	author = {Greenleaf, Eric A},
	year = 1995,
	title = {The Impact of Reference Price Effects on the Profitability of Price Promotions},
	journal = { Marketing Science},
	volume = {14},
 	number = {1}, 
	pages = {82-104}
}

@article{gc,
	author = {Gupta, Sunil and Lee G. Cooper},
	year = 1992,
	title = {The Discounting of Discounts and Promotion Thresholds},
	journal = { Journal of Consumer Research},
	volume = {19},
 	number = {3}, 
	pages = {401-411}
}

@article{gt70,
	author = {Groves, Philip M. and Richard F. Thompson},
	year = 1970,
	title = {Habituation: A Dual-Process Theory},
	journal = { Psychological Review},
	volume = {77},
 	number = {5}, 
	pages = {419-450}
}

@article{hjf,
	author = {Hardie, Bruce G.S. and Eric J. Johnson and Peter S. Fader},
	year = 1993,
	title = {Modeling Loss Aversion and Reference Dependent Effects on Brand Choice},
	journal = {Marketing Science},
	volume = {12},
	number = {4}, 
	pages = {378-394}
}

@article{hels47,
	author = {Helson, Harry},
	year = 1947,
	title = {Adaptation-Level as Frame of Reference for Prediction of Psychophysical Dafa},
	journal = {American Journal of Psychology},
	volume = {60},
	number = {January}, 
	pages = {1-29}
}
     
@book{hels64,
	author = {Helson, Harry},
	year = 1964,
	title = {Adaptation-Level Theory},
       publisher = {Harper \& Row},
       address = {New York}
}

@article{honka,
	author = {Honka, Elizabeth},
	year = 2014,
	title = {Quantifying Search and Switching Costs in the US Auto Insurance Industry},
	journal = {RAND Journal of Economics},
	volume = {45},
	number = {4}, 
	pages = {847-884}
}


@article{jl,
	author = {Janiszewski, Chris and Donald R. Lichtenstein},
	year = 1999,
	title = {A Range Theory Account of Price Perception},
	journal = { Journal of Consumer Research},
	volume = {25},
	number = {4}, 
	pages = {353-368}
}

@article{kt,
	author = {Kahneman, Daniel and Amos Tversky},
	year = 1979,
	title = {Prospect Theory: An Analysis of Decision Under Risk},
	journal = { Econometrica},
	volume = {47},
	number = {2}, 
	pages = {263-291}
}

@article{kt2,
	author = {Tversky, Amos and Daniel Kahneman},
	year = 1991,
	title = {Loss Aversion in Riskless Choice: A Reference-Dependent Model},
	journal = {Quarterly Journal of Economics},
	volume = {106},
	number = {November}, 
	pages = {1039-1061}
}

@article{ky,
	author = {Kalwani, Manohar U. and Chi Kin Yim},
	year = 1992,
	title = {Consumer Price and Promotion Expectations: An Experimental Study},
	journal = { Journal of Marketing Research},
	volume = {9},
	number = {February},
 	pages = {90-100}
}

@article{kyry,
	author = {Kalwani, Manohar U. and Chi Kin Yim and Heikki J. Rinne and Yoshi Sugita},
	year = 1990,
	title = {A Price Expectations Model of Customer Brand Choice},
	journal = {Journal of Marketing Research},
	volume = {27},
	number = {August}, 	
	pages = {251-262}
}

@article{kl,
	author = {Kalyanaram, Gurumurthy and John D.C. Little},
	year = 1994,
	title = {An Empirical Analysis of Latitude of Price Acceptance in Consumer Package Goods},
	journal = { Journal of Consumer Research},
	volume = {21},
	number = {3}, 
	pages = {408-418}
}

@article{kr,
	author = {Kamakura, Wagner and Gary J. Russell},
	year = 1989, 
	title = {A Probabilistic Choice Model for Market Segmentation and Elasticity Structure},
	journal = { Journal of Marketing Research}, 
	volume = {6},
	number = {November},
 	pages = {379-390}
}

@article{kbj,
	author = {Kamakura, Wagner A. and Byung-Do Kim and Jonathan Lee},
	year = 1996, 
	title = {Modeling Preference and Structural Heterogeneity in Consumer Choice},
	journal = { Marketing Science}, 
	volume = {15},
	number = {2},
 	pages = {152-172}
}

@article{kns,
	author = {Kivetz, Ran and Oded Netzer and V. Srinivasan},
	year = 2004,
	title = {Alternative Models for Capturing the Compromise Effect},
	journal = {  Journal of Marketing Research},
	volume = {6},
	number = {August},
 	pages = {237-257}
}


@article{klm,
	author = {Kopalle, Praveen and Joan Lindsey-Mullikin},
	year = 2003,
	title = {The Impact of External Reference Price on Consumer Price Expectations},
	journal = { Journal of Retailing},
	volume = {79},
	number = {4}, 
	pages = {225-236}
}

@article{kra,
	author = {Kopalle, Praveen and Ambar G. Rao and Joao Assuncao},
	year = 1996,
	title = {Asymmetric Reference Price Effects and Dynamic Pricing Policies},
	journal = { Journal of Marketing},
 volume = {54},
	number = {3}, 
	pages = {42-53}
}

@article{krish,
	author = {Krishna, Aradhna},
	year = 1991,
	title = {Effect of Dealing Patterns on Consumer},
	title = {Perceptions of Deal Frequency and Willingness to Pay},
	journal = {  Journal of Marketing Research}, 
	volume = {8},
	number = {November},
 	pages = {441-451}
}

@article{kcs,
	author = {Krishna, Aradhna, Imran C. Currim, and Robert W. Shoemaker},
	year = 1991,
	title = {Consumer Perceptions of Promotional Activity. },
	journal = {  Journal of Marketing}, 
	volume = {5},
	number = {April},
 	pages = {4-16}
}

@article{klmr,
	author = {Krishnamurthi, Lakshman and Tridib Mazumdar and S.P. Raj},
	year = 1992,
	title = {Asymmetric Response to Price in Consumer Brand Choice and Purchase Quantity Decisions},
	journal = { Journal of Consumer Research}, 
	volume = {19},
 	number = {3}, 
	pages = {387-400}
}

@article{kkr,
	author = {Kumar, V. and Kiran Karande, and Werner J. Reinartz},
	year = 1998, 
	title = {The Impact of Internal and External Reference Prices on Brand Choice: The Moderating Role of Contextual Variables},
	journal = { Journal of Retailing}, 
	volume = {74},
	 number = {3}, 
	pages = {401-426}
}

@article{l,
	author = {Lancaster, Kelvin J.},
	year = 1966,
	title = {A New Approach to Consumer Theory},
	journal = { The Journal of Political Economy}, 
	volume = {74},
	number = {2},
 	pages = {132-157}
}

@article{lapersonne,
	author = {Lapersonne, Eric and Gilles Laurent and Jean-Jacques Le Goff},
	year = 1995,
	title = {Consideration Sets of Size One: An Empirical Investigation of Automobile Purchases},
	journal = {Itnernational Journal of Research in Marketing}, 
	volume = {12},
 	pages = {55-66}
}

@article{lb,
	author = {Lattin, James M. and Randolph E. Bucklin},
	year = 1989,
	title = {Reference Effects on Price and Promotion on Brand Choice},
	journal = {  Journal of Marketing Research}, 
	volume = {6},
	number = {August},
 	pages = {299-310}
}

@article{lbeard,
	author = {Lichtenstein, Donald R. and William O. Bearden},
	year = 1989, 
 	title = {Contextual Influences on Perceptions of Merchant-Supplied Reference Prices},
 	journal = {  Journal of Consumer Research}, 
 	volume = {16},
	number = {1}, 
	pages = {55-66}
}


@article{lsl,
	author = {Lerner, Jennifer, Deborah Small, and George Loewenstein},
	year = 2004,
	title = {Heart Strings and Purse Strings: Carry-Over Effects of Emotions on Economic Transactions},
	journal = { Psychological Science}, 
	volume = {15},
	number = {5}, 
	pages = {337-341}
}

@incollection{ls,
	author = {Luce, R. Duncan and P. Suppes},
	year = {1965}, 
 	title = {Preference, Utility, and Subjective Probability},
 	booktitle = {  Handbook of Mathematical Psychology -- Volume 3}, 
	editor={Duncan Luce and Robert R. Bush and Eugene Galanter},
       pages={249-410},
       publisher={John Wiley \& Sons, Inc.},
       addess={New York}
}

@article{mccall,
	author = {McCall, John J.},
	year = 1970, 
	title = {Economics of Information and Job Search},
	journal = {Quarerly Journal of Economics},
	volume = {84},
	number = {1}, 
	pages = {113-126}
}

@article{moorthyetal,
	author = {Moorthy, Sridhar and Brian T. Ratchford and Debabrata Talukdar},
	year = 1997, 
	title = {Consumer Information Search Revisited: Theory and Empirical Analysis},
	journal = {Journal of Consumer Research},
	volume = {23},
	number = {1}, 
	pages = {263-277}
}

@article{mortensen,
	author = {Mortensen, Dale T.},
	year = 1970, 
	title = {Job Search, the Duration of Unemployment, and the Phillips Curve},
	journal = {American Economic Review},
	volume = {60},
	number = {5}, 
	pages = {847-862}
}

@article{mswild,
	author = {Moraga-Gonz\'alez, Jos\'e and Zsolt S\'andor and Matthijs R. Wildenbeest},
	year = 2012, 
	title = {Consumer Search and Prices in the Automobile Market},
	journal = {Working Paper\hspace{-1.6mm}}
}

@article{mw,
	author = {Mayhew, Glenn E. and Russell S. Winer},
	year = 1992, 
	title = {An Empirical Analysis of Internal and External Reference Prices Using Scanner Data},
	journal = {Journal of Consumer Research}, 
	volume = {19},
	number = {1}, 
	pages = {62-70}
}

@article{mm,
	author = {Mazumdar, Tridib and Kent B. Monroe},
	year = 1990, 
	title = {The Effects of Buyers's Intentions to Learn Price Information on Price Encoding},
	journal = {  Journal of Retailing},
	volume = {66},
	number = {1}, 
	pages = {15-32}
}

@article{mp,
	author = {Mazumbdar, Tridib and Purushottam Papatla},
	year = 1995,
	title = {An Investigation of Reference Price Segments},
	journal = {  Journal of Marketing Research}, 
	volume = {7},
	number = {May},
 	pages = {246-258}
}

@article{mehta,
	author = {Mehta, Nitin and Surendra Rajiv and Kannan Srinivasan},
	year = 2003,
	title = {Price Uncertainty and Consumer Search: A Structural Model of Consideration Set Formation},
	journal = {Marketing Science}, 
	volume = {22},
	number = {1},
 	pages = {58-84}
}


@article{mr,
	author = {Moon, Sangkil and Gary J. Russell and Sri Devi Duvvuri},
	year = 2006, 
	title = {Profiling the Reference Price Consumer},
	journal = {Journal of Retailing}, 
	volume = {82},
	number = {1}, 
	pages = {1-11}
}

@article{mv,
	author = {Moon, Sangkil and Glenn Voss},
	year = 2008, 
	title = {How do price range shoppers differ from reference price point shoppers?},
	journal = {Journal of Business Research}, 
	volume = {62},
	pages = {31-38}
}

@article{nerlove,
	author = {Nerlove, Marc},
	year = 1958, 
	title = {Adaptive Expectations and Cobweb Phenomena},
	journal = {Quarterly Journal of Economics}, 
	volume = {72},
	number = {May}, 
	pages = {227-240}
}

@article{nowlis,
	author = {Nowlis, Stephen M. and Itamar Simonson},
	title = {The Effect of New Product Features on Brand Choice},
	journal = {Journal of Marketing Research},
	volume = {33},
	number = {February},
	year = 1993,
	pages = {36-46}
}

@article{nsw,
	author = {Niedrich, Ronald W. and Subhash Sharma and Douglas H. Wedell},
	year = 2001, 
	title = {Reference Price and Price Perceptions: A Comparison of Alternative Models},
	journal = {  Journal of Consumer Research}, 
	volume = {28},
	number = {3}, 
	pages = {339-354}
}


@article{nk,
	author = {Novemsky, Joseph C. and Peter Boatwright},
	year = 2004, 
	title = {Incidental Prices and Their Effect on Willingness to Pay}, 
	journal = {  Journal of Marketing Research}, 
	volume = {41},
	number = {November},
	pages = {457-466}
}

@article{nb,
	author = {Nunes, Nathan and Daniel Kahneman},
	year = 2005, 
	title = {The Boundaries of Loss Aversion},
	journal = {Journal of Marketing Research}, 
	volume = {42},
	number = {May},
	pages = {119-128}
}

@article{o,
	author = {Okada, Erica M},
	year = 2001,
	title = {Trade-ins, Mental Accounting, and Product Replacement Decisions},
	journal = {Journal of Consumer Research},
	volume = {27},
	number = {4}, 
	pages = {433-446}
}

@article{pard65,
	author = {Parducci, Allen},
	year = 1965,
	title = {Category Judgment: A Range-Frequency Model},
	journal = {Psychological Review},
	volume = {72},
	number = {November}, 
	pages = {407-418}
}

@book{pard95,
	author = {Parducci, Allen},
	year = 1995,
	title = {Happiness, Pleasure, and Judgment; The Contextual Theory and Its Applications},
	publisher = {Erlbaum},
	address = {Mahwah, NJ}
}

@article{petrinvan,
	author = {Petrin, Amil},
	year = 2002,
	title = {Quantifying the Benefits of New Products; the Case of the Minivan},
	journal = {The Journal of Political Economy},
	volume = {110},
	pages = {705-729}
}

@article{rt,
	author = {Rajendran, K.N. and Gerard J. Tellis},
	year = 1994, 
	title = {Contextual and Temporal Components of Reference Price}, 
	journal = { Journal of Marketing},
	volume = {8},
	number = {January},
 	pages = {22-34}
}

@article{ratchfordInternet,
	author = {Ratchford, Brian T. and Myung-Soo Lee and Debabrata Talukdar},
	year = 2003, 
	title = {The Impact of the Internet on Information Search for Automobiles}, 
	journal = { Journal of Marketing Research},
	volume = {40},
	number = {2},
 	pages = {193-209}
}

@article{ratchfordOld,
	author = {Ratchford, Brian T.},
	year = 1982, 
	title = {Cost-Benefit Models for Explaining Consumer Choice and Information Seeking Behavior}, 
	journal = {Management Science},
	volume = {28},
	number = {2},
 	pages = {197-212}
}

@article{srinivasan1991,
	author = {Srinivasan, Narasimhan and Brian T. Ratchford},
	year = 1991, 
	title = {An Empirical Test of a Model of External Search for Automobiles}, 
	journal = {Journal of Consumer Research},
	volume = {18},
	number = {September},
 	pages = {233-242}
}

@article{stigler,
	author = {Stigler, George},
	year = 1961, 
	title = {The Economics of Information}, 
	journal = {Journal of Political Economy},
	volume = {72},
	number = {},
 	pages = {44-61}
}

@article{swait,
	author = {Swait, Joffre},
	year = 2001, 
	title = {A Non-Compensatory Choice Model Incorporating Attribute Cutoffs}, 
	journal = {Transportation Research Part B},
	volume = {35},
	number = {},
 	pages = {903-928}
}


@article{thurstone,
	author = {Thurstone, Louis},
	year = 1927, 
	title = {Psychophysical Analysis}, 
	journal = {American Journal of Psychology},
	volume = {37},
 	pages = {368-389}
}

@article{trainwinston,
	author = {Train, Kenneth and C. Winston},
	year = 2007, 
	title = {Vehicle Choice Behavior and the Declining Market Share of U.S. Automakers}, 
	journal = {International Economic Review},
	volume = {48},
 	pages = {1469-1496}
}

@article{tverskyEBA,
	author = {Tversky, Amos},
	year = 1972, 
	title = {Choice by Elimination}, 
	journal = {Journal of Mathematical Psychology},
	volume = {9},
 	pages = {341-367}
}

@article{ubw,
	author = {Urbany, Joel E. and William O. Bearden and Dan C. Weilbaker},
	year = 1988, 
	title = {The Effect of Plausible and Exaggerated Reference Price on Consumer Perceptions and Price Search},
	journal = { Journal of Consumer Research}, 
	volume = {15},
	number = {1}, 
	pages = {95-110}
}

@article{vk,
	author = {Van Dijk, Eric and Daan Van Knippenberg},
	year = 1996,
	title = {Buying and Selling Exchange Goods: Loss aversion and the Endowment Effect},
	journal = { Journal of Economic Psychology},
	volume = {17}, 
	pages = {517-524}
}

@article{vannieropetal,
	author = {Van Nierop, Erjen and Bart Bronnenberg and Richard Paap and Michel Wedel and Philip Hans Franses},
	year = 2010,
	title = {Retrieving Unobserved Consideration Sets from Household Panel Data},
	journal = {Journal of Marketing Research},
	volume = {47},
	number = {1}, 
	pages = {63-74}
}

@incollection{v,
	author = {Volkmann, John},
	year = 1951, 
 	title = {Scales of Judgment and Their Implications for Social Psychology},
 	booktitle = { Social Psychology at the Crossroads}, 
	editor={John H. Rohrer and Muzafer Sherif},
       pages={273-296},
       publisher={Harper},
       addess={New York}
}

@article{w,
	author = {Winer, Russell S},
	year = 1985, 
	title = {A Price Vector Model of Demand for Consumer Durables: Preliminary Developments},
	journal = { Marketing Science}, 
	volume = {4},
	number = {1}, 
	pages = {74-90}
}

@article{w2,
	author = {Winer, Russell S},
	year = 1986, 
	title = {A Reference Price Model of Brand Choice for Frequently Purchased Products},
	journal = { Journal of Consumer Research}, 
	volume = {13},
	number = {2}, 
	pages = {250-256}
}

@article{wath,
	author = {Wathieu, Luc},
	year = 2004, 
	title = {Consumer Habituation},
	journal = { Management Science}, 
	volume = {50},
	number = {5}, 
	pages = {587-596}
}

@article{yadav,
	author = {Yadav, S. Manjit},
	title = {How Buyers Evaluate Product Bundles: A Model of Anchoring and Adjustment},
	journal = {Journal of Consumer Research},
	volume = {21},
	number = {September},
	year = 1994,
	pages = {342-353}
}

@article{bhatnagar2004online,
  title={Online information search termination patterns across product categories and consumer demographics},
  author={Bhatnagar, Amit and Ghose, Sanjoy},
  journal={Journal of Retailing},
  volume={80},
  number={3},
  pages={221--228},
  year={2004},
  publisher={Elsevier}
}

@article{furse1984typology,
  title={A typology of individual search strategies among purchasers of new automobiles},
  author={Furse, David H and Punj, Girish N and Stewart, David W},
  journal={Journal of consumer research},
  pages={417-431},
  year={1984},
  publisher={JSTOR}
}

@article{punj1983model,
  title={A model of consumer information search behavior for new automobiles},
  author={Punj, Girish N and Staelin, Richard},
  journal={Journal of Consumer Research},
  pages={366--380},
  year={1983},
  publisher={JSTOR}
}

@article{anderson1987industrial,
  title={Industrial purchasing: an empirical exploration of the buyclass framework},
  author={Anderson, Erin and Chu, Wujin and Weitz, Barton},
  journal={The Journal of Marketing},
  pages={71--86},
  year={1987},
  publisher={JSTOR}
}

@article{avery1996determinants,
  title={Determinants of search for nondurable goods: An empirical assessment of the economics of information theory},
  author={Avery, Rosemary J},
  journal={Journal of Consumer Affairs},
  volume={30},
  number={2},
  pages={390--420},
  year={1996},
  publisher={Wiley Online Library}
}

@article{beatty1987external,
  title={External search effort: An investigation across several product categories},
  author={Beatty, Sharon E and Smith, Scott M},
  journal={Journal of consumer research},
  pages={83--95},
  year={1987},
  publisher={JSTOR}
}

@article{desarbo1998latent,
  title={A latent structure double hurdle regression model for exploring heterogeneity in consumer search patterns},
  author={DeSarbo, Wayne S and Choi, Jungwhan},
  journal={Journal of Econometrics},
  volume={89},
  number={1},
  pages={423--455},
  year={1998},
  publisher={Elsevier}
}

@article{gemunden1985perceived,
  title={Perceived risk and information search. A systematic meta-analysis of the empirical evidence},
  author={Gem{\"u}nden, Hans Georg},
  journal={International Journal of Research in Marketing},
  volume={2},
  number={2},
  pages={79--100},
  year={1985},
  publisher={Elsevier}
}

@article{jacoby1978behavioral,
  title={A behavioral process approach to information acquisition in nondurable purchasing},
  author={Jacoby, Jacob and Chestnut, Robert W and Fisher, William A},
  journal={Journal of Marketing Research},
  pages={532--544},
  year={1978},
  publisher={JSTOR}
}

@article{johnson1984product,
  title={Product familiarity and learning new information},
  author={Johnson, Eric J and Russo, J Edward},
  journal={Journal of consumer research},
  pages={542--550},
  year={1984},
  publisher={JSTOR}
}

@article{konucs2008multichannel,
  title={Multichannel shopper segments and their covariates},
  author={Konu{\c{s}}, Umut and Verhoef, Peter C and Neslin, Scott A},
  journal={Journal of Retailing},
  volume={84},
  number={4},
  pages={398--413},
  year={2008},
  publisher={Elsevier}
}

@article{malhotra1982information,
  title={Information load and consumer decision making},
  author={Malhotra, Naresh K},
  journal={Journal of consumer research},
  pages={419--430},
  year={1982},
  publisher={JSTOR}
}

@article{malhotra1983individual,
  title={On Individual differences in search behavior for a nondurable'},
  author={Malhotra, Naresh K},
  journal={Journal of Consumer Research},
  pages={125--131},
  year={1983},
  publisher={JSTOR}
}

@article{mata2007aging,
  title={The aging decision maker: cognitive aging and the adaptive selection of decision strategies.},
  author={Mata, Rui and Schooler, Lael J and Rieskamp, J{\"o}rg},
  journal={Psychology and aging},
  volume={22},
  number={4},
  pages={796},
  year={2007},
  publisher={American Psychological Association}
}

@article{mitra1999examination,
  title={An examination of perceived risk, information search and behavioral intentions in search, experience and credence services},
  author={Mitra, Kaushik and Reiss, Michelle C and Capella, Louis M},
  journal={Journal of Services Marketing},
  volume={13},
  number={3},
  pages={208--228},
  year={1999},
  publisher={MCB UP Ltd}
}

@article{moore1980individual,
  title={Individual differences in search behavior for a nondurable},
  author={Moore, William L and Lehmann, Donald R},
  journal={Journal of consumer research},
  pages={296--307},
  year={1980},
  publisher={JSTOR}
}

@article{payne1996time,
  title={When time is money: Decision behavior under opportunity-cost time pressure},
  author={Payne, John W and Bettman, James R and Luce, Mary Frances},
  journal={Organizational behavior and human decision processes},
  volume={66},
  number={2},
  pages={131--152},
  year={1996},
  publisher={Elsevier}
}

@article{ratchford1993empirical,
  title={An empirical investigation of returns to search},
  author={Ratchford, Brian T and Srinivasan, Narasimhan},
  journal={Marketing Science},
  volume={12},
  number={1},
  pages={73--87},
  year={1993},
  publisher={INFORMS}
}

@article{rothschild1974searching,
  title={Searching for the lowest price when the distribution of prices is unknown},
  author={Rothschild, Michael},
  journal={The Journal of Political Economy},
  pages={689--711},
  year={1974},
  publisher={JSTOR}
}

@article{stahl1989oligopolistic,
  title={Oligopolistic pricing with sequential consumer search},
  author={Stahl, Dale O},
  journal={The American Economic Review},
  pages={700--712},
  year={1989},
  publisher={JSTOR}
}

@article{stigler1961economics,
  title={The economics of information},
  author={Stigler, George J},
  journal={The journal of political economy},
  pages={213--225},
  year={1961},
  publisher={JSTOR}
}

@article{urbany1996price,
  title={Price search in the retail grocery market},
  author={Urbany, Joel E and Dickson, Peter R and Kalapurakal, Rosemary},
  journal={The Journal of Marketing},
  pages={91--104},
  year={1996},
  publisher={JSTOR}
}

@article{zauberman2003intertemporal,
  title={The intertemporal dynamics of consumer lock-in},
  author={Zauberman, Gal},
  journal={Journal of consumer research},
  volume={30},
  number={3},
  pages={405--419},
  year={2003},
  publisher={JSTOR}
}

@article{erdem2005learning,
  title={Learning about computers: An analysis of information search and technology choice},
  author={Erdem, T{\"u}lin and Keane, Michael P and {\"O}nc{\"u}, T Sabri and Strebel, Judi},
  journal={Quantitative Marketing and Economics},
  volume={3},
  number={3},
  pages={207--247},
  year={2005},
  publisher={Springer}
}

@article{hauser1993consumers,
  title={How consumers allocate their time when searching for information},
  author={Hauser, John R and Urban, Glen L and Weinberg, Bruce D},
  journal={Journal of Marketing Research},
  pages={452--466},
  year={1993},
  publisher={JSTOR}
}

@article{heckman2008econometric,
  title={Econometric causality},
  author={Heckman, James J},
  journal={International Statistical Review},
  volume={76},
  number={1},
  pages={1--27},
  year={2008},
  publisher={Wiley Online Library}
}

@article{heckman2007econometric,
  title={Econometric evaluation of social programs, part I: Causal models, structural models and econometric policy evaluation},
  author={Heckman, James J and Vytlacil, Edward J},
  journal={Handbook of econometrics},
  volume={6},
  pages={4779--4874},
  year={2007},
  publisher={Elsevier}
}

@article{kim2012consumer,
  title={Consumer choice and use of multiple information sources for automobile purchases},
  author={Kim, Jung Seek and Ratchford, Brian T},
  journal={International Journal of Electronic Commerce},
  volume={16},
  number={3},
  pages={7--40},
  year={2012},
  publisher={Taylor \& Francis}
}

@article{klein2003consumer,
  title={Consumer search for information in the digital age: An empirical study of prepurchase search for automobiles},
  author={Klein, Lisa R and Ford, Gary T},
  journal={Journal of interactive Marketing},
  volume={17},
  number={3},
  pages={29--49},
  year={2003},
  publisher={Wiley Online Library}
}

@article{nowlis1995effect,
  title={The effect of time pressure on the choice between brands that differ in quality, price, and product features},
  author={Nowlis, Stephen M},
  journal={Marketing Letters},
  volume={6},
  number={4},
  pages={287--295},
  year={1995},
  publisher={Springer}
}

@article{zettelmeyer2006internet,
  title={How the Internet lowers prices: Evidence from matched survey and automobile transaction data},
  author={Zettelmeyer, Florian and Morton, Fiona Scott and Silva-Risso, Jorge},
  journal={Journal of marketing research},
  volume={43},
  number={2},
  pages={168--181},
  year={2006},
  publisher={American Marketing Association}
}

@article{singh2014offline,
  title={Offline and Online Search in Used Durables Markets},
  author={Singh, Sonika and Ratchford, Brian T and Prasad, Ashutosh},
  journal={Journal of Retailing},
  volume={90},
  number={3},
  pages={301--320},
  year={2014},
  publisher={Elsevier}
}

@article{singh2014offline,
  title={Offline and Online Search in Used Durables Markets},
  author={Singh, Sonika and Ratchford, Brian T and Prasad, Ashutosh},
  journal={Journal of Retailing},
  volume={90},
  number={3},
  pages={301--320},
  year={2014},
  publisher={Elsevier}
}

@article{cameron2001essentials,
  title={Essentials of count data regression},
  author={Cameron, A Colin and Trivedi, Pravin K},
  journal={A companion to theoretical econometrics},
  volume={331},
  year={2001},
  publisher={Blackwell Publishing Ltd}
}

@article{draganska2011choice,
  title={Choice set heterogeneity and the role of advertising: An analysis with micro and macro data},
  author={Draganska, Michaela and Klapper, Daniel},
  journal={Journal of Marketing Research},
  volume={48},
  number={4},
  pages={653--669},
  year={2011},
  publisher={American Marketing Association}
}

@techreport{handel2011adverse,
  title={Adverse selection and switching costs in health insurance markets: When nudging hurts},
  author={Handel, Benjamin R},
  year={2011},
  institution={National Bureau of Economic Research}
}

@article{kim2010online,
  title={Online demand under limited consumer search},
  author={Kim, Jun B and Albuquerque, Paulo and Bronnenberg, Bart J},
  journal={Marketing science},
  volume={29},
  number={6},
  pages={1001--1023},
  year={2010},
  publisher={INFORMS}
}

@article{koulayev2014search,
  title={Search for differentiated products: identification and estimation},
  author={Koulayev, Sergei},
  journal={The RAND Journal of Economics},
  volume={45},
  number={3},
  pages={553--575},
  year={2014},
  publisher={Wiley Online Library}
}

@article{morgan1985optimal,
  title={Optimal search},
  author={Morgan, Peter and Manning, Richard},
  journal={Econometrica: Journal of the Econometric Society},
  pages={923--944},
  year={1985},
  publisher={JSTOR}
}

@article{pires2012consideration,
  title={Consideration sets in storable goods markets},
  author={Pires, Tiago},
  journal={Job Market Paper, Northwestern University},
  year={2012}
}

@article{seiler2013impact,
  title={The impact of search costs on consumer behavior: A dynamic approach},
  author={Seiler, Stephan},
  journal={Quantitative Marketing and Economics},
  volume={11},
  number={2},
  pages={155--203},
  year={2013},
  publisher={Springer}
}

@article{hotz1993conditional,
  title={Conditional choice probabilities and the estimation of dynamic models},
  author={Hotz, V Joseph and Miller, Robert A},
  journal={The Review of Economic Studies},
  volume={60},
  number={3},
  pages={497--529},
  year={1993},
  publisher={Oxford University Press}
}

@article{magnac2002identifying,
  title={Identifying dynamic discrete decision processes},
  author={Magnac, Thierry and Thesmar, David},
  journal={Econometrica},
  volume={70},
  number={2},
  pages={801--816},
  year={2002},
  publisher={Wiley Online Library}
}

@article{reiss2007structural,
  title={Structural econometric modeling: Rationales and examples from industrial organization},
  author={Reiss, Peter C and Wolak, Frank A},
  journal={Handbook of econometrics},
  volume={6},
  pages={4277--4415},
  year={2007},
  publisher={Elsevier}
}

@article{rust1987optimal,
  title={Optimal replacement of GMC bus engines: An empirical model of Harold Zurcher},
  author={Rust, John},
  journal={Econometrica: Journal of the Econometric Society},
  pages={999--1033},
  year={1987},
  publisher={JSTOR}
}

@article{rust1994structural,
  title={Structural estimation of Markov decision processes},
  author={Rust, John},
  journal={Handbook of econometrics},
  volume={4},
  number={4},
  pages={3081--3143},
  year={1994}
}

@article{su2012constrained,
  title={Constrained optimization approaches to estimation of structural models},
  author={Su, Che-Lin and Judd, Kenneth L},
  journal={Econometrica},
  volume={80},
  number={5},
  pages={2213--2230},
  year={2012},
  publisher={Wiley Online Library}
}

@article{yao2012determining,
  title={Determining consumers' discount rates with field studies},
  author={Yao, Song and Mela, Carl F and Chiang, Jeongwen and Chen, Yuxin},
  journal={Journal of Marketing Research},
  volume={49},
  number={6},
  pages={822--841},
  year={2012},
  publisher={American Marketing Association}
}

@article{aguirregabiria2002swapping,
  title={Swapping the nested fixed point algorithm: A class of estimators for discrete Markov decision models},
  author={Aguirregabiria, Victor and Mira, Pedro},
  journal={Econometrica},
  volume={70},
  number={4},
  pages={1519--1543},
  year={2002},
  publisher={Wiley Online Library}
}

@article{aguirregabiria2007sequential,
  title={Sequential estimation of dynamic discrete games},
  author={Aguirregabiria, Victor and Mira, Pedro},
  journal={Econometrica},
  volume={75},
  number={1},
  pages={1--53},
  year={2007},
  publisher={Wiley Online Library}
}

@article{arcidiacono2008ccp,
  title={CCP estimation of dynamic discrete choice models with unobserved heterogeneity},
  author={Arcidiacono, Peter and Miller, Robert A},
  journal={Tepper School of Business},
  pages={319},
  year={2008}
}

@article{bajari2007estimating,
  title={Estimating dynamic models of imperfect competition},
  author={Bajari, Patrick and Benkard, C Lanier and Levin, Jonathan},
  journal={Econometrica},
  volume={75},
  number={5},
  pages={1331--1370},
  year={2007},
  publisher={Wiley Online Library}
}

@article{imai2009bayesian,
  title={Bayesian estimation of dynamic discrete choice models},
  author={Imai, Susumu and Jain, Neelam and Ching, Andrew},
  journal={Econometrica},
  volume={77},
  number={6},
  pages={1865--1899},
  year={2009},
  publisher={Wiley Online Library}
}

@article{norets2009inference,
  title={Inference in dynamic discrete choice models with serially orrelated unobserved state variables},
  author={Norets, Andriy},
  journal={Econometrica},
  volume={77},
  number={5},
  pages={1665--1682},
  year={2009},
  publisher={Wiley Online Library}
}

@article{pesendorfer2008asymptotic,
  title={Asymptotic least squares estimators for dynamic games},
  author={Pesendorfer, Martin and Schmidt-Dengler, Philipp},
  journal={The Review of Economic Studies},
  volume={75},
  number={3},
  pages={901--928},
  year={2008},
  publisher={Oxford University Press}
}

@article{hartmann2006intertemporal,
  title={Intertemporal effects of consumption and their implications for demand elasticity estimates},
  author={Hartmann, Wesley R},
  journal={Quantitative Marketing and Economics},
  volume={4},
  number={4},
  pages={325--349},
  year={2006},
  publisher={Springer}
}

@article{hartmann2008frequency,
  title={Do frequency reward programs create switching costs? A dynamic structural analysis of demand in a reward program},
  author={Hartmann, Wesley R and Viard, V Brian},
  journal={Quantitative Marketing and Economics},
  volume={6},
  number={2},
  pages={109--137},
  year={2008},
  publisher={Springer}
}

@article{hitsch2006empirical,
  title={An empirical model of optimal dynamic product launch and exit under demand uncertainty},
  author={Hitsch, G{\"u}nter J},
  journal={Marketing Science},
  volume={25},
  number={1},
  pages={25--50},
  year={2006},
  publisher={INFORMS}
}

@article{misra2011structural,
  title={A structural model of sales-force compensation dynamics: Estimation and field implementation},
  author={Misra, Sanjog and Nair, Harikesh S},
  journal={Quantitative Marketing and Economics},
  volume={9},
  number={3},
  pages={211--257},
  year={2011},
  publisher={Springer}
}

